<collection xmlns="http://www.loc.gov/MARC21/slim">
<record>
  <leader>01416nam0a22002891i 450 </leader>
  <controlfield tag="001">IT\ICCU\CNCE\068285</controlfield>
  <controlfield tag="005">20100420000000.0</controlfield>
  <datafield tag="012" ind1=" " ind2=" ">
    <subfield code="a">j.m* b*es o-io peli (3) 1523 (Q)</subfield>
    <subfield code="2">fei</subfield>
  </datafield>
  <datafield tag="100" ind1=" " ind2=" ">
    <subfield code="a">20061006f1523        0itac0103    ba</subfield>
  </datafield>
  <datafield tag="101" ind1=" " ind2=" ">
    <subfield code="a">LAT</subfield>
  </datafield>
  <datafield tag="102" ind1=" " ind2=" ">
    <subfield code="a">IT</subfield>
  </datafield>
  <datafield tag="200" ind1="1" ind2=" ">
    <subfield code="a">\Regule ordinationes, et constitutiones Cancellarie sanctissimi domini nostri: domini Innocentii diuina prouidentia pape VIII Scripte et correcte in Cancellaria apostolica ...!</subfield>
  </datafield>
  <datafield tag="210" ind1=" " ind2=" ">
    <subfield code="d">\1523?!</subfield>
  </datafield>
  <datafield tag="215" ind1=" " ind2=" ">
    <subfield code="a">cxiii, \9! c.</subfield>
    <subfield code="d">8ʻ</subfield>
  </datafield>
  <datafield tag="300" ind1=" " ind2=" ">
    <subfield code="a">Data di pubblicazione: 28 novembre 1523. - Il titolo si ricava dall&apos;intitolazione a c. A2r</subfield>
  </datafield>
  <datafield tag="710" ind1="0" ind2="2">
    <subfield code="a">Santa Sede</subfield>
    <subfield code="b"> : Cancelleria apostolica</subfield>
    <subfield code="3">IT\ICCU\CNCA\006935</subfield>
  </datafield>
  <datafield tag="702" ind1=" " ind2="0">
    <subfield code="a">Innocentius</subfield>
    <subfield code="c"> &lt;papa</subfield>
    <subfield code="c"> ; 8.&gt;</subfield>
    <subfield code="3">IT\ICCU\CNCA\011457</subfield>
  </datafield>
  <datafield tag="702" ind1=" " ind2="0">
    <subfield code="a">Iulius</subfield>
    <subfield code="c"> &lt;papa</subfield>
    <subfield code="c"> ; 2.&gt;</subfield>
    <subfield code="3">IT\ICCU\CNCA\003147</subfield>
  </datafield>
  <datafield tag="702" ind1=" " ind2="0">
    <subfield code="a">Clemens</subfield>
    <subfield code="c"> &lt;papa</subfield>
    <subfield code="c"> ; 7.&gt;</subfield>
    <subfield code="3">IT\ICCU\CNCA\003274</subfield>
  </datafield>
  <datafield tag="712" ind1="0" ind2="2">
    <subfield code="a">s.n.</subfield>
    <subfield code="3">IT\ICCU\CNCT\000002</subfield>
    <subfield code="4">650</subfield>
  </datafield>
  <datafield tag="791" ind1="0" ind2="2">
    <subfield code="a">Cancellaria Apostolica</subfield>
    <subfield code="3">7818</subfield>
    <subfield code="z">Santa Sede : Cancelleria apostolica</subfield>
  </datafield>
  <datafield tag="790" ind1=" " ind2="1">
    <subfield code="a">Cibo,</subfield>
    <subfield code="b">Giovanni Battista</subfield>
    <subfield code="3">IT\ICCU\CNCA\016193</subfield>
    <subfield code="z">Innocentius &lt;papa ; 8.&gt;</subfield>
  </datafield>
  <datafield tag="790" ind1=" " ind2="1">
    <subfield code="a">Della_Rovere,</subfield>
    <subfield code="b">Giuliano</subfield>
    <subfield code="3">IT\ICCU\CNCA\014541</subfield>
    <subfield code="z">Iulius &lt;papa ; 2.&gt;</subfield>
  </datafield>
  <datafield tag="790" ind1=" " ind2="1">
    <subfield code="a">Medici,</subfield>
    <subfield code="b">Giulio : de&apos;</subfield>
    <subfield code="3">IT\ICCU\CNCA\014649</subfield>
    <subfield code="z">Clemens &lt;papa ; 7.&gt;</subfield>
  </datafield>
  <datafield tag="790" ind1=" " ind2="0">
    <subfield code="a">Clemente</subfield>
    <subfield code="c"> &lt;papa</subfield>
    <subfield code="c"> ; 7.&gt;</subfield>
    <subfield code="3">IT\ICCU\CNCA\023280</subfield>
    <subfield code="z">Clemens &lt;papa ; 7.&gt;</subfield>
  </datafield>
  <datafield tag="801" ind1=" " ind2="3">
    <subfield code="a">IT</subfield>
    <subfield code="b">ICCU</subfield>
    <subfield code="c">20201115</subfield>
  </datafield>
  <datafield tag="899" ind1=" " ind2=" ">
    <subfield code="a">Biblioteca Casanatense. Roma</subfield>
    <subfield code="z">MUTILO</subfield>
    <subfield code="1">RM0313</subfield>
    <subfield code="2">RML 07</subfield>
  </datafield>
</record>
</collection>
